<?xml version="1.0" encoding="UTF-8"?><collection xmlns="http://www.loc.gov/MARC21/slim"><record><leader>00370nam--2200133-i-4500</leader><controlfield tag="001">000049573</controlfield><controlfield tag="002">20161230</controlfield><controlfield tag="005">20161230201047</controlfield><controlfield tag="008">060222s1000------------r-----000-0-eng-d</controlfield><datafield ind1=" " ind2=" " tag="080"><subfield code="a">542.952.6:547.435</subfield></datafield><datafield ind1=" " ind2=" " tag="100"><subfield code="a">Askarov, M.A., Muhitdinova, N.A. I Nzarov, A</subfield></datafield><datafield ind1=" " ind2=" " tag="245"><subfield code="a">Polimerizaciia aminoalkilakrilatov</subfield></datafield><datafield ind1=" " ind2=" " tag="260"><subfield code="a">Tackent, Izdatelstvo Fan, 1977, 175s</subfield></datafield><datafield ind1=" " ind2=" " tag="852"><subfield code="a">46612</subfield></datafield></record></collection>